{1:F01XYZLMN2AAXXX0000000001}{2:I942XYZLMN2AXXXXN}{4:
:20:SWB5014200017001
:25:123011050612305
:28C:17/1
:34F:NZD0,
:13D:2005211017+1200
:61:2005210521D5000,NTRFNONREF
Transfer
:86:/BAI/469/MISCELLANEOUS ACH DEBIT
/BENM/Transfer
:61:2005210521C5000,NBKTNONREF
test rate/NBKT
:86:/BAI/399/MISCELLANEOUS CREDIT
/ORDP/test rate
/ACNO/99-0011-0334122-37
:90D:1NZD5000,
:90C:1NZD5000,
-}
