{1:F01ASBBNZ2AAXXX0000000001}{2:I942ASBBNZ2AXXXXN}{4:
:20:FNB5014200018001
:21:GNHD99KKSLL99001
:25:123011050612305
:28C:18/1
:34F:NZD0,
:34F:NZDC0,
:13D:2005211316+1200
:61:2005210521D5000,NTRFNONREF
Transfer
:86:/BAI/469/MISCELLANEOUS ACH DEBIT
/BENM/Transfer
:61:2005210521D20,NTRFNONREF
Transfer
:86:/BAI/469/MISCELLANEOUS ACH DEBIT
/BENM/Transfer
/ACNO/012-3011-00334130-0037
:61:2005210521C5020,NBKTNONREF
wording/NBKT
:86:/BAI/399/MISCELLANEOUS CREDIT
/ORDP/wording
/ACNO/12-3011-0334130-37
:90D:2NZD5020,
:90C:1NZD5020,
-}